<?xml version="1.0" encoding="UTF-8"?><collection xmlns="http://www.loc.gov/MARC21/slim"><record><leader>00610nam--2200181-i-4500</leader><controlfield tag="001">000012922</controlfield><controlfield tag="002">20161230</controlfield><controlfield tag="005">20161230201030</controlfield><controlfield tag="008">060222s1000------------r-----000-0-eng-d</controlfield><datafield ind1=" " ind2=" " tag="020"><subfield code="a">0121123502</subfield></datafield><datafield ind1=" " ind2=" " tag="040"><subfield code="a">IFIN-HH</subfield></datafield><datafield ind1=" " ind2=" " tag="080"><subfield code="a">621.47:523.9-7</subfield></datafield><datafield ind1="1" ind2=" " tag="100"><subfield code="a">Bolton, James</subfield></datafield><datafield ind1="1" ind2="0" tag="245"><subfield code="a">Solar power and fuels</subfield><subfield code="b">Proceedings of the first international conference on the photochemical conversin and storage of solar energy, london, canada, august 24-28, 1976</subfield><subfield code="c">James bolton (ed.)</subfield></datafield><datafield ind1=" " ind2=" " tag="260"><subfield code="a">New York</subfield><subfield code="b">Academic Press, Inc</subfield><subfield code="c">1977</subfield></datafield><datafield ind1=" " ind2=" " tag="300"><subfield code="a">XVI + 254 P</subfield></datafield><datafield ind1=" " ind2=" " tag="852"><subfield code="a">46696</subfield><subfield code="c">523</subfield></datafield><datafield ind1=" " ind2=" " tag="CAT"><subfield code="a">Sys</subfield><subfield code="c">20141203</subfield><subfield code="h">121131</subfield></datafield></record></collection>